<record xmlns="http://www.loc.gov/MARC21/slim" xmlns:xsi="http://www.w3.org/2001/XMLSchema-instance" xsi:schemaLocation="http://www.loc.gov/MARC21/slim http://www.loc.gov/standards/marcxml/schema/MARC21slim.xsd"><leader>00037nz   2200037n  4500</leader><controlfield tag="001">DNB|102401942</controlfield><controlfield tag="003">DNB</controlfield><controlfield tag="005">20080405190918.0</controlfield><controlfield tag="008">930416n||aznnnabbn           | aaa    |c</controlfield><datafield ind1=" " ind2=" " tag="035"><subfield code="a">(DE-101)102401942</subfield></datafield><datafield ind1=" " ind2=" " tag="035"><subfield code="a">(DE-588a)102401942</subfield></datafield><datafield ind1=" " ind2=" " tag="040"><subfield code="a">DE-12</subfield><subfield code="b">ger</subfield><subfield code="c">DE-101</subfield><subfield code="e">rakwb</subfield><subfield code="d">9999</subfield></datafield><datafield ind1=" " ind2=" " tag="079"><subfield code="a">p</subfield><subfield code="q">f</subfield><subfield code="q">p</subfield><subfield code="t">12-PAN</subfield></datafield><datafield ind1="0" ind2=" " tag="100"><subfield code="a">Pausanias</subfield><subfield code="c">Damascenus</subfield><subfield code="d">ca. 4. Jh. n. Chr.</subfield></datafield><datafield ind1="0" ind2=" " tag="400"><subfield code="a">Pausanias</subfield><subfield code="c">von Damaskos</subfield><subfield code="d">ca. 4. Jh. n. Chr.</subfield></datafield><datafield ind1="0" ind2=" " tag="400"><subfield code="a">Pausanias</subfield><subfield code="c">von Antiocheia</subfield><subfield code="d">ca. 4. Jh. n. Chr.</subfield></datafield><datafield ind1="0" ind2=" " tag="400"><subfield code="a">Pausanias</subfield><subfield code="c">Historicus</subfield><subfield code="d">ca. 4. Jh. n. Chr.</subfield></datafield><datafield ind1="0" ind2=" " tag="400"><subfield code="a">Pausanias</subfield><subfield code="c">Antiochenus</subfield><subfield code="d">ca. 4. Jh. n. Chr.</subfield></datafield><datafield ind1="0" ind2=" " tag="400"><subfield code="a">Pausanias</subfield><subfield code="c">Geographus</subfield><subfield code="d">ca. 4. Jh. n. Chr.</subfield></datafield><datafield ind1="0" ind2=" " tag="400"><subfield code="a">Pausanias</subfield><subfield code="c">of Damascus</subfield><subfield code="d">ca. 4. Jh. n. Chr.</subfield></datafield><datafield ind1="0" ind2=" " tag="400"><subfield code="a">Pseudo-Scymnus</subfield><subfield code="d">ca. 4. Jh. n. Chr.</subfield></datafield><datafield ind1=" " ind2=" " tag="549"><subfield code="w">i</subfield><subfield code="i">Lebensdaten</subfield><subfield code="a">ca. 4. Jh. n. Chr.</subfield></datafield><datafield ind1=" " ind2=" " tag="678"><subfield code="a">FGrH 854: Geschichte  der Stadt Antiocheia in Syrien; Identität mit  Pausanias &lt;Periegeta&gt; umstritten</subfield></datafield><datafield ind1=" " ind2=" " tag="922"><subfield code="a">gw</subfield><subfield code="9">1</subfield></datafield><datafield ind1=" " ind2=" " tag="996"><subfield code="2">BAV|ADV10929690</subfield></datafield><datafield ind1=" " ind2=" " tag="996"><subfield code="2">LC|n  83204491</subfield></datafield><datafield ind1=" " ind2=" " tag="996"><subfield code="2">BNE|XX1057261</subfield></datafield><datafield ind1=" " ind2=" " tag="996"><subfield code="2">PTBNP|116336</subfield></datafield><datafield ind1=" " ind2=" " tag="996"><subfield code="2">WKP|wp Pseudo-Scymnus</subfield></datafield><datafield ind1=" " ind2=" " tag="996"><subfield code="2">NLIlat|000103919</subfield></datafield><datafield ind1=" " ind2=" " tag="996"><subfield code="2">NLA|000035529495</subfield></datafield><datafield ind1=" " ind2=" " tag="996"><subfield code="2">LC|no2004058848</subfield></datafield><datafield ind1=" " ind2=" " tag="997"><subfield code="a">300 0 flourished</subfield><subfield code="9">1</subfield></datafield></record>